@Article{Janson04RSA,
 author = {Janson, S.},
 title = {{Large Deviations for Sums of Partly Dependent Random Variables}},
 journal = {Random Structures and Algorithms},
 issue_date = {May 2004},
 volume = {24},
 number = {3},
 year = {2004},
 pages = {234--248},
 numpages = {15},
 acmid = {1072836},
 publisher = {John Wiley \& Sons, Inc.},
 address = {New York, NY, USA}
}
